<record><leader>00000cas a2200000 a 4500</leader><controlfield tag="001">31041401</controlfield><controlfield tag="007">hd bfb018baaa</controlfield><controlfield tag="007">hd bfb018baca</controlfield><controlfield tag="008">940901d19091953ohuwr nea     0    0cze c</controlfield><datafield ind1=" " ind2=" " tag="010"><subfield code="a">sn 94056223 </subfield></datafield><datafield ind1=" " ind2=" " tag="040"><subfield code="a">NVG</subfield><subfield code="b">eng</subfield><subfield code="c">NVG</subfield><subfield code="d">OCL</subfield><subfield code="d">OCLCQ</subfield><subfield code="d">OCLCF</subfield><subfield code="d">OCLCO</subfield><subfield code="d">OCLCQ</subfield></datafield><datafield ind1="0" ind2=" " tag="041"><subfield code="a">cze</subfield><subfield code="a">eng</subfield></datafield><datafield ind1=" " ind2=" " tag="042"><subfield code="a">pcc</subfield></datafield><datafield ind1=" " ind2=" " tag="043"><subfield code="a">n-us---</subfield></datafield><datafield ind1=" " ind2="4" tag="050"><subfield code="a">AP53</subfield><subfield code="b">.A447</subfield></datafield><datafield ind1="0" ind2="0" tag="245"><subfield code="a">Americke&#769; de&#780;lnicke&#769; listy.</subfield></datafield><datafield ind1="3" ind2="1" tag="246"><subfield code="a">American labor news</subfield><subfield code="f">Jan. 2, 1925-</subfield></datafield><datafield ind1="1" ind2="3" tag="246"><subfield code="a">American workingmen's news</subfield></datafield><datafield ind1=" " ind2=" " tag="260"><subfield code="a">Cleveland, Ohio :</subfield><subfield code="b">C&#780;eska&#769; Socialisticka&#769; Tiskar&#780;ska&#769; a Vydavatelska&#769; Spolec&#780;nost</subfield></datafield><datafield ind1=" " ind2=" " tag="300"><subfield code="a">volumes</subfield></datafield><datafield ind1=" " ind2=" " tag="310"><subfield code="a">Weekly</subfield></datafield><datafield ind1=" " ind2=" " tag="336"><subfield code="a">text</subfield><subfield code="b">txt</subfield><subfield code="2">rdacontent</subfield></datafield><datafield ind1=" " ind2=" " tag="337"><subfield code="a">microform</subfield><subfield code="b">h</subfield><subfield code="2">rdamedia</subfield></datafield><datafield ind1=" " ind2=" " tag="338"><subfield code="a">microfilm reel</subfield><subfield code="b">hd</subfield><subfield code="2">rdacarrier</subfield></datafield><datafield ind1="0" ind2=" " tag="362"><subfield code="a">Roc&#780;. 1, c&#780;i&#769;s. 1 (1 led. 1909)-</subfield></datafield><datafield ind1="1" ind2=" " tag="362"><subfield code="a">Ceased with issue for Mar. 27, 1953.</subfield></datafield><datafield ind1=" " ind2=" " tag="500"><subfield code="a">Issues for Jan. 2, 1925- have also English title: American labor news.</subfield></datafield><datafield ind1=" " ind2=" " tag="546"><subfield code="a">In Czech, 1909-1927; in Czech with some columns in English, 1927-1953.</subfield></datafield><datafield ind1=" " ind2=" " tag="550"><subfield code="a">Orga&#769;n C&#780;eske&#769; socialisticke&#769; strany v Americe.</subfield></datafield><datafield ind1=" " ind2=" " tag="588"><subfield code="a">Description based on: Roc&#780;. 4, c&#780;i&#769;s. 1 (5 led. 1912).</subfield></datafield><datafield ind1=" " ind2=" " tag="533"><subfield code="a">Microfilm.</subfield><subfield code="m">1912-1916</subfield><subfield code="b">[Lincoln, Neb.] :</subfield><subfield code="c">University of Nebraska-Lincoln Archives,</subfield><subfield code="d">1985.</subfield><subfield code="e">3 microfilm reels ; 35 mm.</subfield></datafield><datafield ind1=" " ind2="0" tag="650"><subfield code="a">Czechs</subfield><subfield code="z">United States</subfield><subfield code="v">Newspapers.</subfield></datafield><datafield ind1=" " ind2="0" tag="650"><subfield code="a">Press, Socialist</subfield><subfield code="z">United States.</subfield></datafield><datafield ind1=" " ind2="0" tag="651"><subfield code="a">Cleveland (Ohio)</subfield><subfield code="v">Newspapers.</subfield></datafield><datafield ind1=" " ind2="7" tag="650"><subfield code="a">Czechs.</subfield><subfield code="2">fast</subfield><subfield code="0">(OCoLC)fst00886455</subfield></datafield><datafield ind1=" " ind2="7" tag="650"><subfield code="a">Press, Socialist.</subfield><subfield code="2">fast</subfield><subfield code="0">(OCoLC)fst01075918</subfield></datafield><datafield ind1=" " ind2="7" tag="651"><subfield code="a">Ohio</subfield><subfield code="z">Cleveland.</subfield><subfield code="2">fast</subfield><subfield code="0">(OCoLC)fst01205966</subfield></datafield><datafield ind1=" " ind2="7" tag="651"><subfield code="a">United States.</subfield><subfield code="2">fast</subfield><subfield code="0">(OCoLC)fst01204155</subfield></datafield><datafield ind1=" " ind2="7" tag="655"><subfield code="a">Newspapers.</subfield><subfield code="2">fast</subfield><subfield code="0">(OCoLC)fst01423814</subfield></datafield><datafield ind1="2" ind2=" " tag="710"><subfield code="a">C&#780;eska&#769; socialisticka&#769; strana v Americe.</subfield></datafield><datafield ind1=" " ind2=" " tag="752"><subfield code="a">United States</subfield><subfield code="b">Ohio</subfield><subfield code="c">Cuyahoga</subfield><subfield code="d">Cleveland.</subfield></datafield><datafield ind1="1" ind2=" " tag="776"><subfield code="c">Original</subfield><subfield code="w">(DLC)sn 83045486</subfield></datafield></record>